@book{FM_Pure_Y2, edition={4}, title={MEI A Level Further Mathematics Core Year 2}, publisher={Hodder Education}, author={Sparks, Ben and Baldwin, Claire and Berry, Catherine and Porkess, Roger and Bryden, Pat}, year={2017}}
@book{FM_Pure_Y1, edition={4}, title={MEI A Level Further Mathematics Core Year 1}, publisher={Hodder Education}, author={Sparks, Ben and Baldwin, Claire and Berry, Catherine and Porkess, Roger}, year={2017}}
@misc{shepherd_2022, title={Visualising the Riemann Hypothesis}, url={https://www.riemannhypothesis.info/2016/04/visualising-the-riemann-hypothesis/}, journal={Understanding the Riemann Hypothesis}, author={Shepherd, Markus}, year={2016}, month={4}}
@misc{Nikolaj_Riemann_Zeta, title={Understanding and computing the Riemann zeta function}, url={https://gist.github.com/Nikolaj-K/996dba1ff1045d767b10d4d07b1b032f}, journal={Github Gist}, author={Kuntner, Nikolaj}, year={2020}, month={6}}
@book{riemann_wilkins_1998, title={On the Number of Prime Numbers less than a Given Quantity. (Ueber die Anzahl der Primzahlen unter einer gegebenen Gr¨osse.)}, url={https://www.claymath.org/sites/default/files/ezeta.pdf}, author={Riemann, Bernhard and Wilkins, David}, year={1998}}
@misc{singingbanana_2014, title={The Riemann Hypothesis}, url={https://www.youtube.com/watch?v=rGo2hsoJSbo}, journal={YouTube}, author={singingbanana}, year={2014}, month={1}}
@misc{riemann_zeta_function_wolfram_mathworld, url={https://mathworld.wolfram.com/RiemannZetaFunction.html}, journal={Mathworld.wolfram.com}, author={Wolfram Mathworld}, year={2022}, month={1}}
@misc{rh_explained_yt, title={The Riemann Hypothesis, Explained}, url={https://www.youtube.com/watch?v=zlm1aajH6gY&t=606s}, journal={YouTube}, author={Quanta Magazine}, year={2021}, month={1}}
@misc{rh_numberphile_yt, title={Riemann Hypothesis - Numberphile}, url={https://www.youtube.com/watch?v=d6c6uIyieoo}, journal={YouTube}, author={Numberphile}, year={2014}, month={3}}
@misc{rh_3blue1brown, title={Visualizing the Riemann zeta function and analytic continuation}, url={https://www.youtube.com/watch?v=sD0NjbwqlYw&t=756s}, journal={YouTube}, author={3Blue1Brown}, year={2016}, month={12}}
@misc{wolframalpha, title={Wolfram Alpha}, url={https://www.wolframalpha.com/}, journal={Wolframalpha.com}, year={2022}}
@misc{meurer_vtrh_blog, title={Verifying the Riemann Hypothesis with SymPy and mpmath}, url={https://www.asmeurer.com/blog/posts/verifying-the-riemann-hypothesis-with-sympy-and-mpmath/}, journal={Aaron Meurer’s Blog}, author={Meurer, Aaron}, year={2020}, month={3}}
@book{pg_online_book, edition={1}, title={Tackling A Level Projects in Computer Science}, publisher={PG Online Limited}, author={Franklin, James}, year={2020}}
@book{writing_a_fraction_class, title={Writing a Fraction Class}, url={http://djp3.westmont.edu/classes/2016_09_CS010/Lectures/Lecture_27.pdf}, author={Westmont College}, year={2016}}


@misc{Complex_Numbers_Wikipedia_Page, title={Complex number}, url={https://en.wikipedia.org/wiki/Complex_number}, journal={Wikipedia}, publisher={Wikimedia Foundation}, author={Wikipedia}, year={2022}, month={1}}
@misc{Riemann_Zeta_Function_Wikipedia_Page , title={Riemann zeta function}, url={https://en.wikipedia.org/wiki/Riemann_zeta_function}, journal={Wikipedia}, publisher={Wikimedia Foundation}, author={Wikipedia}, year={2022}, month={1}}
@misc{Riemann_Hypothesis_Wikipedia_Page , title={Riemann hypothesis}, url={https://en.wikipedia.org/wiki/Riemann_hypothesis}, journal={Wikipedia}, publisher={Wikimedia Foundation}, author={Wikipedia}, year={2022}, month={1}}
@misc{Eta_Function_Wikipedia_Page , title={Dirichlet eta function}, url={https://en.wikipedia.org/wiki/Dirichlet_eta_function}, journal={Wikipedia}, publisher={Wikimedia Foundation}, author={Wikipedia}, year={2021}, month={11}}
@misc{Bernhard_Riemann_Wikipedia_Page , title={Bernhard riemann}, url={https://en.wikipedia.org/wiki/Bernhard_riemann}, journal={Wikipedia}, publisher={Wikimedia Foundation}, author={Wikipedia}, year={2021}, month={11}}
@misc{Leonhard_Euler_Wikipedia_Page , title={Leonhard euler}, url={https://en.wikipedia.org/wiki/Leonhard_euler}, journal={Wikipedia}, publisher={Wikimedia Foundation}, author={Wikipedia}, year={2022}, month={1}}
@misc{Function_Zero_Wikipedia_Page , title={Zero of a function}, url={https://en.wikipedia.org/wiki/Zero_of_a_function}, journal={Wikipedia}, publisher={Wikimedia Foundation}, author={Wikipedia}, year={2022}, month={1}}
@misc{Imaginary_Number_Wikipedia_Page , title={Imaginary number}, url={https://en.wikipedia.org/wiki/Imaginary_number}, journal={Wikipedia}, publisher={Wikimedia Foundation}, author={Wikipedia}, year={2022}, month={1}}
@misc{Imaginary_Unit_Wikipedia_Page , title={Imaginary unit}, url={https://en.wikipedia.org/wiki/Imaginary_unit}, journal={Wikipedia}, publisher={Wikimedia Foundation}, author={Wikipedia}, year={2022}, month={1}}
@misc{Complex_Number_Wikipedia_Page , title={Complex number}, url={https://en.wikipedia.org/wiki/Complex_number}, journal={Wikipedia}, publisher={Wikimedia Foundation}, author={Wikipedia}, year={2022}, month={1}}
@misc{Complex_Plane_Wikipedia_Page , title={Complex plane}, url={https://en.wikipedia.org/wiki/Complex_plane}, journal={Wikipedia}, publisher={Wikimedia Foundation}, author={Wikipedia}, year={2021}, month={9}}
@misc{Euler_Product_Formula_Proof_Wikipedia_Page , title={Proof of the Euler product formula for the Riemann zeta function}, url={https://en.wikipedia.org/wiki/Proof_of_the_Euler_product_formula_for_the_Riemann_zeta_function}, journal={Wikipedia}, publisher={Wikimedia Foundation}, author={Wikipedia}, year={2021}, month={12}}
@misc{Gamma_Function_Wikipedia_Page , title={Gamma function}, url={https://en.wikipedia.org/wiki/Gamma_function}, journal={Wikipedia}, publisher={Wikimedia Foundation}, author={Wikipedia}, year={2022}, month={1}}
@misc{Binomial_Coefficient_Wikipedia_Page , title={Binomial coefficient}, url={https://en.wikipedia.org/wiki/Binomial_Coefficient}, journal={Wikipedia}, publisher={Wikimedia Foundation}, author={Wikipedia}, year={2022}, month={1}}
@misc{Logarithmic_Integral_Wikipedia_Page , title={Logarithmic integral function}, url={https://en.wikipedia.org/wiki/Logarithmic_integral_function}, journal={Wikipedia}, publisher={Wikimedia Foundation}, author={Wikipedia}, year={2021}, month={12}}
@misc{Mills_Constant_Wikipedia_Page , title={Mill's constant}, url={https://en.wikipedia.org/wiki/Mills%27_constant}, journal={Wikipedia}, publisher={Wikimedia Foundation}, author={Wikipedia}, year={2022}, month={1}}
@misc{Complex_Analysis_Wikipedia_Page , title={Complex analysis}, url={https://en.wikipedia.org/wiki/Complex_analysis}, journal={Wikipedia}, publisher={Wikimedia Foundation}, author={Wikipedia}, year={2021}, month={12}}
@misc{Domain_Coloring_Wikipedia_Page , title={Domain coloring}, url={https://en.wikipedia.org/wiki/Domain_coloring}, journal={Wikipedia}, publisher={Wikimedia Foundation}, author={Wikipedia}, year={2021}, month={10}}
@misc{Euclidean_Algorithm_Wikipedia_Page , title={Euclidean Algorithm}, url={https://en.wikipedia.org/wiki/Euclidean_algorithm}, journal={Wikipedia}, publisher={Wikimedia Foundation}, author={Wikipedia}, year={2021}, month={12}}
